<?xml version="1.0" encoding="UTF-8"?><record xmlns="http://www.loc.gov/MARC21/slim" xmlns:cinclude="http://apache.org/cocoon/include/1.0" xmlns:zs="http://www.loc.gov/zing/srw/">
  <leader>00476nz  a2200133n  4500</leader>
  <controlfield tag="001">no2007032476</controlfield>
  <controlfield tag="003">DLC</controlfield>
  <controlfield tag="005">20070325075236.0</controlfield>
  <controlfield tag="008">070323n| acannaabn           n ana     c</controlfield>
  <datafield tag="010" ind1=" " ind2=" ">
    <subfield code="a">no2007032476</subfield>
  </datafield>
  <datafield tag="035" ind1=" " ind2=" ">
    <subfield code="a">(OCoLC)oca07364094</subfield>
  </datafield>
  <datafield tag="040" ind1=" " ind2=" ">
    <subfield code="a">RPB</subfield>
    <subfield code="b">eng</subfield>
    <subfield code="c">RPB</subfield>
  </datafield>
  <datafield tag="110" ind1="2" ind2=" ">
    <subfield code="a">War Prohibition Conservation Committee</subfield>
  </datafield>
  <datafield tag="670" ind1=" " ind2=" ">
    <subfield code="a">Six billion pounds of foodstuffs go yearly into liquor in the U.S., 1917 or 1918:</subfield>
    <subfield code="b">poster text (War Prohibition Conservation Committee, 323 Tremont Bld., Boston)</subfield>
  </datafield>
</record>